@article{AA24,
 author = {Yazan Alomari and Mátyás Andó},
 doi = {10.1016/j.rineng.2024.101834},
 journal = {Results in Engineering},
 pages = {101834},
 title = {{SHAP}-based insights for aerospace {PHM}: Temporal feature importance, dependencies, robustness, and interaction analysis},
 volume = {21},
 year = {2024}
}

@article{ABR22,
 author = {Awan, A. and Bilgili, F. and Rahut, D. B.},
 doi = {10.1016/j.rser.2022.112157},
 journal = {Renewable and Sustainable Energy Reviews},
 pages = {112157},
 title = {Energy poverty trends and determinants in {Pakistan}: Empirical evidence from eight waves of {HIES} 1998--2019},
 volume = {158},
 year = {2022}
}

@misc{ABS24,
 author = {{Australian Bureau of Statistics}},
 note = {(Accessed on 29 March 2024)},
 title = {{Consumer Price Index, Australia}},
 url = {https://www.abs.gov.au/statistics/economy/price-indexes-and-inflation/consumer-price-index-australia/mar-quarter-2024#data-downloads},
 year = {2024}
}

@article{AD20,
 author = {Alem, Y. and Demeke, E.},
 doi = {10.1016/j.eneco.2020.104789},
 journal = {Energy Economics},
 pages = {104789},
 title = {The persistence of energy poverty: A dynamic probit analysis},
 volume = {90},
 year = {2020}
}

@article{ALXBR20,
 author = {Abbas, K. and Li, S. and Xu, D. and Baz, K. and Rakhmetova, A.},
 doi = {10.1016/j.enpol.2020.111754},
 journal = {Energy Policy},
 pages = {111754},
 title = {Do socioeconomic factors determine household multidimensional energy poverty? {Empirical} evidence from {South Asia}},
 volume = {146},
 year = {2020}
}

@article{BAIA24,
 author = {Bo{\c{t}}a-Avram, Cristina and Apostu, Simona Andreea and Ivan, Raluca and Achim, Monica Violeta},
 doi = {10.1016/j.eneco.2024.107341},
 journal = {Energy Economics},
 pages = {107341},
 title = {Exploring the impact of macro-determinant factors on energy resource depletion: Evidence from a worldwide cross-country panel data analysis},
 volume = {130},
 year = {2024}
}

@article{BL24,
 author = {Bao, Y. and Liao, T.},
 doi = {10.1016/j.econmod.2023.106586},
 journal = {Economic Modelling},
 pages = {106586},
 title = {Multidimensional poverty and growth: Evidence from {India} 1998--2021},
 volume = {130},
 year = {2024}
}

@article{BMM21,
 author = {Banerjee, R. and Mishra, V. and Maruta, A. A.},
 doi = {10.1016/j.eneco.2021.105447},
 journal = {Energy Economics},
 pages = {105447},
 title = {Energy poverty, health and education outcomes: Evidence from the developing world},
 volume = {101},
 year = {2021}
}

@article{Boa91a,
 author = {Boardman, Brenda},
 doi = {10.1080/01442879108423600},
 journal = {Policy Studies},
 number = {4},
 pages = {30--41},
 title = {Fuel poverty is different},
 volume = {12},
 year = {1991}
}

@book{Boa91b,
 address = {London},
 author = {Boardman, Brenda},
 isbn = {978-1-852-93139-1},
 publisher = {Belhaven Press},
 title = {Fuel Poverty: From Cold Homes to Affordable Warmth},
 year = {1991}
}

@article{CAF19,
 author = {Crentsil, A. O. and Asuman, D. and Fenny, A. P.},
 doi = {10.1016/j.enpol.2019.110884},
 journal = {Energy Policy},
 pages = {110884},
 title = {Assessing the determinants and drivers of multidimensional energy poverty in {Ghana}},
 volume = {133},
 year = {2019}
}

@article{DJ21,
 author = {Drescher, K. and Janzen, B.},
 doi = {10.1016/j.eneco.2021.105433},
 journal = {Energy Economics},
 pages = {105433},
 title = {Determinants, persistence, and dynamics of energy poverty: An empirical assessment using {German} household survey data},
 volume = {102},
 year = {2021}
}

@article{DL13,
 author = {Decancq, K. and Lugo, M. A.},
 doi = {10.1080/07474938.2012.690641},
 journal = {Econometric Reviews},
 number = {1},
 pages = {7--34},
 title = {Weights in multidimensional indices of wellbeing: An overview},
 volume = {32},
 year = {2013}
}

@article{DPX19,
 author = {Dhongde, S. and Pattanaik, P. K. and Xu, Y.},
 doi = {10.1111/roiw.12411},
 journal = {Review of Income and Wealth},
 number = {S1},
 pages = {S281--S306},
 title = {Well-being, deprivation, and the {Great Recession} in the {U.S.}: A study in a multidimensional framework},
 volume = {65},
 year = {2019}
}

@article{DSv21,
 author = {Dalla Longa, Francesco and Sweerts, Bart and van der Zwaan, Bob},
 doi = {10.1016/j.enpol.2021.112373},
 journal = {Energy Policy},
 pages = {112373},
 title = {Exploring the complex origins of energy poverty in {The Netherlands} with machine learning},
 volume = {156},
 year = {2021}
}

@article{FFT22,
 author = {Fry, J. M. and Farrell, L. and Temple, J. B.},
 doi = {10.1016/j.eneco.2021.105793},
 journal = {Energy Economics},
 pages = {105793},
 title = {Energy poverty and retirement income sources in {Australia}},
 volume = {106},
 year = {2022}
}

@article{GFBBH12,
 author = {Galar, Mikel and Fernandez, Alberto and Barrenechea, Edurne and Bustince, Humberto and Herrera, Francisco},
 doi = {10.1109/TSMCC.2011.2161285},
 journal = {IEEE Transactions on Systems, Man, and Cybernetics, Part C (Applications and Reviews)},
 number = {4},
 pages = {463--484},
 title = {A review on ensembles for the class imbalance problem: Bagging-, boosting-, and hybrid-based approaches},
 volume = {42},
 year = {2012}
}

@article{GJA24,
 author = {Gawusu, Sidique and Jamatutu, Seidu Abdulai and Ahmed, Abubakari},
 doi = {10.1155/2024/9411326},
 journal = {International Journal of Energy Research},
 number = {1},
 pages = {9411326},
 title = {Predictive modeling of energy poverty with machine learning ensembles: Strategic insights from socioeconomic determinants for effective policy implementation},
 volume = {2024},
 year = {2024}
}

@article{HK23,
 author = {Halkos, George and Kostakis, Ioannis},
 doi = {10.1007/s12053-023-10137-1},
 journal = {Energy Efficiency},
 number = {6},
 pages = {50},
 title = {Exploring the persistence and transience of energy poverty: Evidence from a {Greek} household survey},
 volume = {16},
 year = {2023}
}

@article{HSRKCS23,
 author = {Hosan, Shahadat and Sen, Kanchan Kumar and Rahman, Md Matiar and Karmaker, Shamal Chandra and Chapman, Andrew J and Saha, Bidyut Baran},
 doi = {10.1016/j.erss.2023.103088},
 journal = {Energy Research \& Social Science},
 pages = {103088},
 title = {Evaluating the mediating role of energy subsidies on social well-being and energy poverty alleviation in {Bangladesh}},
 volume = {100},
 year = {2023}
}

@misc{IEA24,
 author = {{International Energy Agency}},
 note = {(Accessed on 10 November 2024)},
 title = {{World Energy Outlook 2024}},
 url = {https://www.iea.org/reports/world-energy-outlook-2024},
 year = {2024}
}

@article{IM22,
 author = {Igawa, M. and Managi, S.},
 doi = {10.1016/j.apenergy.2021.118076},
 journal = {Applied Energy},
 pages = {118076},
 title = {Energy poverty and income inequality: An economic analysis of 37 countries},
 volume = {306, Part B},
 year = {2022}
}

@article{KA22,
 author = {Isaac Koomson and Sefa {Awaworyi Churchill}},
 doi = {10.1016/j.eneco.2022.106026},
 journal = {Energy Economics},
 pages = {106026},
 title = {Employment precarity and energy poverty in post-apartheid {South Africa}: Exploring the racial and ethnic dimensions},
 volume = {110},
 year = {2022}
}

@article{KS20,
 author = {Karpinska, L. and Śmiech, S.},
 doi = {10.1016/j.erss.2020.101670},
 journal = {Energy Research \& Social Science},
 pages = {101670},
 title = {Invisible energy poverty? {Analysing} housing costs in {Central} and {Eastern Europe}},
 volume = {70},
 year = {2020}
}

@article{KUO23,
 author = {Kocak, Emrah and Ulug, Eyup Emre and Oralhan, Burcu},
 doi = {10.1016/j.energy.2023.127125},
 journal = {Energy},
 pages = {127125},
 title = {The impact of electricity from renewable and non-renewable sources on energy poverty and greenhouse gas emissions ({GHGs}): Empirical evidence and policy implications},
 volume = {272},
 year = {2023}
}

@inproceedings{LL17,
 address = {Red Hook, NY, USA},
 author = {Lundberg, Scott M. and Lee, Su-In},
 booktitle = {Proceedings of the 31st International Conference on Neural Information Processing Systems (NeurIPS)},
 doi = {10.48550/arXiv.1705.07874},
 location = {Long Beach, California, USA},
 pages = {4768--4777},
 publisher = {Curran Associates Inc.},
 series = {Advances in Neural Information Processing Systems},
 title = {A unified approach to interpreting model predictions},
 volume = {30},
 year = {2017}
}

@article{LO21,
 author = {Lin, B. and Okyere, M. A.},
 doi = {10.1016/j.spc.2021.06.031},
 journal = {Sustainable Production and Consumption},
 pages = {675--685},
 title = {Does energy poverty affect the well-being of people: Evidence from {Ghana}},
 volume = {28},
 year = {2021}
}

@article{LOKK23,
 author = {Lee, Yong-Geon and Oh, Jae-Young and Kim, Dongsung and Kim, Gibak},
 doi = {10.1007/s42835-022-01161-9},
 journal = {Journal of Electrical Engineering \& Technology},
 number = {1},
 pages = {579--588},
 title = {{SHAP} value-based feature importance analysis for short-term load forecasting},
 volume = {18},
 year = {2023}
}

@article{LWZ09,
 author = {Liu, Xu-Ying and Wu, Jianxin and Zhou, Zhi-Hua},
 doi = {10.1109/TSMCB.2008.2007853},
 journal = {IEEE Transactions on Systems, Man, and Cybernetics, Part B (Cybernetics)},
 number = {2},
 pages = {539--550},
 title = {Exploratory undersampling for class-imbalance learning},
 volume = {39},
 year = {2009}
}

@inproceedings{MHB19,
 address = {Toronto, Canada},
 author = {Mokhtari, Karim El and Higdon, Ben Peachey and Ba\c{s}ar, Ay\c{s}e},
 booktitle = {Proceedings of the 29th Annual International Conference on Computer Science and Software Engineering (CASCON)},
 location = {Toronto, Ontario, Canada},
 pages = {166--172},
 publisher = {IBM Corp.},
 title = {Interpreting financial time series with {SHAP} values},
 year = {2019}
}

@article{MHTOSC24,
 author = {Mahmud Sujon, Khaled and Binti Hassan, Rohayanti and Tusnia Towshi, Zeba and Othman, Manal A. and Abdus Samad, Md and Choi, Kwonhue},
 doi = {10.1109/ACCESS.2024.3462434},
 journal = {IEEE Access},
 pages = {135300--135314},
 title = {When to use standardization and normalization: Empirical evidence from machine learning models and {XAI}},
 volume = {12},
 year = {2024}
}

@article{MM24,
 author = {Manasi, B and Mukhopadhyay, Jyoti Prasad},
 doi = {10.1016/j.esd.2024.101383},
 journal = {Energy for Sustainable Development},
 pages = {101383},
 title = {Definition, measurement and determinants of energy poverty: Empirical evidence from {Indian} households},
 volume = {79},
 year = {2024}
}

@book{Mur12,
 address = {Cambridge, Massuchusetts},
 author = {Murphy, K.P.},
 isbn = {978-0-262-01802-9},
 publisher = {MIT Press},
 series = {Adaptive Computation and Machine Learning series},
 title = {Machine Learning: A Probabilistic Perspective},
 year = {2012}
}

@article{NHL24,
 author = {Nguyen-Phung, Hang Thu and Le, Hai},
 doi = {10.1016/j.erss.2024.103762},
 journal = {Energy Research \& Social Science},
 pages = {103762},
 title = {Elderly well-being amidst energy poverty: Exploring the health, social, and economic impacts in {Vietnam}},
 volume = {118},
 year = {2024}
}

@misc{OECD23,
 author = {{OECD}},
 note = {(Accessed on 1 December 2024)},
 title = {{OECD Economic Outlook, Volume 2023 Issue 2}},
 url = {https://doi.org/10.1787/7a5f73ce-en},
 year = {2023}
}

@article{PAS22,
 author = {Prakash, Kushneel and {Awaworyi Churchill},  Sefa  and Smyth, Russell},
 doi = {10.1016/j.econmod.2022.105937},
 journal = {Economic Modelling},
 pages = {105937},
 title = {Are you puffing your children's future away? {Energy} poverty and childhood exposure to passive smoking},
 volume = {114},
 year = {2022}
}

@article{PDS21,
 author = {Primc, K. and Dominko, M. and Slabe-Erker, R.},
 doi = {10.1016/j.jclepro.2021.127003},
 journal = {Journal of Cleaner Production},
 pages = {127003},
 title = {30 years of energy and fuel poverty research: A retrospective analysis and future trends},
 volume = {301},
 year = {2021}
}

@article{PEND24,
 author = {Pondie, Thierry Messie and Engwali, FON Dorothy and Nkoa, Bruno Emmanuel Ongo and Domguia, Edmond Noubissi},
 doi = {10.1016/j.energy.2024.131158},
 journal = {Energy},
 pages = {131158},
 title = {Energy poverty and respiratory health in {Sub-Saharan Africa}: Effects and transmission channels},
 volume = {297},
 year = {2024}
}

@article{PK19,
 author = {Phoumin, Han and Kimura, Fukunari},
 doi = {10.1016/j.enpol.2019.05.032},
 journal = {Energy Policy},
 pages = {283--289},
 title = {{Cambodia's} energy poverty and its effects on social wellbeing: Empirical evidence and policy implications},
 volume = {132},
 year = {2019}
}

@inproceedings{Pro00,
 address = {Austin, TX, USA},
 author = {Provost, Foster},
 booktitle = {Proceedings of the Association for the Advancement of Artificial Intelligence (AAAI)'2000 Workshop on Imbalanced Data Sets},
 number = {2000},
 pages = {1--3},
 publisher = {AAAI Press},
 title = {Machine learning from imbalanced data sets 101},
 volume = {68},
 year = {2000}
}

@misc{Pro22,
 author = {Proctol, D.},
 note = {(Accessed on 2 October 2024)},
 title = {{Coal Use Rises, Prices Soar as War Impacts Energy Markets}},
 url = {https://www.powermag.com/coal-use-rises-prices-soar-as-war-impacts-energy-markets/},
 year = {2022}
}

@article{Sim23,
 author = {Simshauser, Paul},
 doi = {10.1016/j.eneco.2023.106660},
 journal = {Energy Economics},
 pages = {106660},
 publisher = {Elsevier},
 title = {The 2022 energy crisis: Fuel poverty and the impact of policy interventions in {Australia's National Electricity Market}},
 volume = {121},
 year = {2023}
}

@article{SKHN10,
 author = {Seiffert, Chris and Khoshgoftaar, Taghi M. and Van Hulse, Jason and Napolitano, Amri},
 doi = {10.1109/TSMCA.2009.2029559},
 journal = {IEEE Transactions on Systems, Man, and Cybernetics, Part A (Systems and Humans)},
 number = {1},
 pages = {185--197},
 title = {{RUSBoost}: A hybrid approach to alleviating class imbalance},
 volume = {40},
 year = {2010}
}

@article{SM22,
 author = {Sy, S. A. and Mokaddem, L.},
 doi = {10.1016/j.erss.2022.102562},
 journal = {Energy Research \& Social Science},
 pages = {102562},
 title = {Energy poverty in developing countries: A review of the concept and its measurements},
 volume = {89},
 year = {2022}
}

@article{SM23,
 author = {Simshauser, P. and Miller, W.},
 doi = {10.1016/j.eap.2023.11.015},
 journal = {Economic Analysis and Policy},
 pages = {1848--1857},
 title = {On the impact of targeted and universal electricity concessions policy on fuel poverty in the {NEM's Queensland region}},
 volume = {80},
 year = {2023}
}

@article{SRL23,
 author = {Spandagos, Constantine and Rea{\~n}os, Miguel Angel Tovar and Lynch, Muireann {\'A}},
 doi = {10.1016/j.eneco.2023.107131},
 journal = {Energy Economics},
 pages = {107131},
 title = {Energy poverty prediction and effective targeting for just transitions with machine learning},
 volume = {128},
 year = {2023}
}

@article{SWW21,
 author = {Joe H. Sullivan and Merrill Warkentin and Linda Wallace},
 doi = {10.1016/j.jbusres.2021.03.066},
 journal = {Journal of Business Research},
 pages = {530--543},
 title = {So many ways for assessing outliers: What really works and does it matter?},
 volume = {132},
 year = {2021}
}

@article{vDv22,
 author = {van Hove, Willem and Dalla Longa, Francesco and van der Zwaan, Bob},
 doi = {10.1016/j.enbuild.2022.112064},
 journal = {Energy and Buildings},
 pages = {112064},
 title = {Identifying predictors for energy poverty in {Europe} using machine learning},
 volume = {264},
 year = {2022}
}

@article{Wil22,
 author = {Willand, N.},
 doi = {10.1016/j.erss.2022.102852},
 journal = {Energy Research \& Social Science},
 pages = {102852},
 title = {Opportunity, ideal or distraction? {Exploring} stakeholder perceptions of tackling energy poverty and vulnerability among older {Australians}},
 volume = {94},
 year = {2022}
}

@article{Yoo24,
 author = {Youngmin Yoon},
 doi = {10.1016/j.erss.2023.103362},
 journal = {Energy Research \& Social Science},
 pages = {103362},
 title = {Poverty in the midst of plenty: Identifying energy poverty, hardship and vulnerable households in {Russia}},
 volume = {108},
 year = {2024}
}

@article{ZAK21,
 author = {Zhang, Quanda and Appau, Samuelson and Kodom, Peter Lord},
 doi = {10.1016/j.eneco.2021.105206},
 journal = {Energy Economics},
 pages = {105206},
 title = {Energy poverty, children's wellbeing and the mediating role of academic performance: Evidence from {China}},
 volume = {97},
 year = {2021}
}

@article{ZSYW21,
 author = {Zhang, Z. and Shu, H. and Yi, H. and Wang, X.},
 doi = {10.1016/j.enpol.2021.112381},
 journal = {Energy Policy},
 pages = {112381},
 title = {Household multidimensional energy poverty and its impacts on physical and mental health},
 volume = {156},
 year = {2021}
}

@article{CNQX22,
  title={Unveiling hidden energy poverty using the energy equity gap},
  author={Cong, Shuchen and Nock, Destenie and Qiu, Yueming Lucy and Xing, Bo},
  journal={Nature communications},
  volume={13},
  number={1},
  pages={2456},
  year={2022},
  publisher={Nature Publishing Group UK London}
}
